<?xml version="1.0" encoding="UTF-8"?><collection xmlns="http://www.loc.gov/MARC21/slim"><record><leader>00334nam--2200133-i-4500</leader><controlfield tag="001">000004895</controlfield><controlfield tag="002">20161230</controlfield><controlfield tag="005">20161230201026</controlfield><controlfield tag="008">060222s1000------------r-----000-0-eng-d</controlfield><datafield ind1=" " ind2=" " tag="100"><subfield code="a">Duquesne, Maurice</subfield></datafield><datafield ind1=" " ind2=" " tag="245"><subfield code="a">Matiere et antimatiere</subfield></datafield><datafield ind1=" " ind2=" " tag="260"><subfield code="a">Paris, Presses Univers.De France, 1958</subfield></datafield><datafield ind1=" " ind2=" " tag="490"><subfield code="a">Que Sais-je</subfield></datafield><datafield ind1=" " ind2=" " tag="852"><subfield code="a">530.1:539.12</subfield></datafield></record></collection>